<?xml version="1.0" encoding="UTF-8"?><collection xmlns="http://www.loc.gov/MARC21/slim"><record><leader>00522nam--2200145-i-4500</leader><controlfield tag="001">000009174</controlfield><controlfield tag="002">20161230</controlfield><controlfield tag="005">20170224014356</controlfield><controlfield tag="008">060222s1000------------r-----000-0-eng-d</controlfield><datafield ind1=" " ind2=" " tag="100"><subfield code="a">Cristea, Haralambie</subfield></datafield><datafield ind1=" " ind2=" " tag="245"><subfield code="a">Concepte figurative si console de vizualizare pentru dialogul om-masina in automatizarea calcului si analizei regimurilor sistemelor electroenergetice. (rezumatul tezei de doctorat)</subfield></datafield><datafield ind1=" " ind2=" " tag="260"><subfield code="a">Bucuresti</subfield><subfield code="b">Institutul De Energetica</subfield><subfield code="c">1969</subfield></datafield><datafield ind1=" " ind2=" " tag="300"><subfield code="a">39 p</subfield></datafield><datafield ind1=" " ind2=" " tag="852"><subfield code="a">62-52</subfield></datafield><datafield ind1=" " ind2=" " tag="CAT"><subfield code="a">SYS</subfield><subfield code="c">20170224</subfield><subfield code="h">014356</subfield></datafield></record></collection>